@Article{   inet_crises,
author      = {David Krackhardt and Robert N. Stern},
issn        = {01902725},
journal     = {Social Psychology Quarterly},
number      = {2},
pages       = {123--140},
publisher   = {[Sage Publications, Inc., American Sociological Association]},
title       = {Informal Networks and Organizational Crises: An Experimental Simulation},
url         = {http://www.jstor.org/stable/2786835},
urldate     = {2022-05-20},
volume      = {51},
year        = {1988},
}

@Article{   louvain,
author      = {Vincent D Blondel and Jean-Loup Guillaume and Renaud Lambiotte and Etienne Lefebvre},
doi         = {10.1088/1742-5468/2008/10/p10008},
journal     = {Journal of Statistical Mechanics: Theory and Experiment},
month       = {Oct},
publisher   = {{IOP} Publishing},
title       = {Fast unfolding of communities in large networks},
url         = {https://doi.org/10.1088%2F1742-5468%2F2008%2F10%2Fp10008},
year        = {2008},
}

@Article{   louvain_resolution,
author      = {Lambiotte, Renaud and Delvenne, Jean-Charles and Barahona, Mauricio},
journal     = {arXiv},
month       = {12},
pages       = {},
title       = {Laplacian Dynamics and Multiscale Modular Structure in Networks},
volume      = {1},
year        = {2008},
}

@Article{   louvain_2_leiden,
author      = {Traag, V. A. and Waltman, L. and van Eck, N. J.},
doi         = {10.1038/s41598-019-41695-z},
journal     = {Scientific Reports},
month       = {Mar},
number      = {1},
pages       = {5233},
title       = {From Louvain to Leiden: guaranteeing well-connected communities},
url         = {https://doi.org/10.1038/s41598-019-41695-z},
volume      = {9},
year        = {2019},
}

@Article{   sm_ece,
author      = {Matteo Cinelli  and Gianmarco De Francisci Morales  and Alessandro Galeazzi  and Walter Quattrociocchi  and Michele Starnini },
doi         = {10.1073/pnas.2023301118},
eprint      = {https://www.pnas.org/doi/pdf/10.1073/pnas.2023301118},
journal     = {Proceedings of the National Academy of Sciences},
number      = {9},
pages       = {e2023301118},
title       = {The echo chamber effect on social media},
url         = {https://www.pnas.org/doi/abs/10.1073/pnas.2023301118},
volume      = {118},
year        = {2021},
}

@Article{   struc_funct_cnets,
author      = {Newman, M. E. J.},
doi         = {10.1137/S003614450342480},
eprint      = {https://doi.org/10.1137/S003614450342480},
journal     = {SIAM Review},
number      = {2},
pages       = {167-256},
title       = {The Structure and Function of Complex Networks},
url         = {https://doi.org/10.1137/S003614450342480},
volume      = {45},
year        = {2003},
}

@Book{      ekoin_ekobtwin,
author      = {Guest, E.},
publisher   = {University of Manchester},
title       = {Echoing Within and Between: Quantifying Echo Chamber Behaviours on Reddit},
url         = {https://books.google.com/books?id=OrhezgEACAAJ},
year        = {2021},
}

@Inproceedings{bigclam,
address     = {New York, NY, USA},
author      = {Yang, Jaewon and Leskovec, Jure},
booktitle   = {Proceedings of the Sixth ACM International Conference on Web Search and Data Mining},
doi         = {10.1145/2433396.2433471},
isbn        = {9781450318693},
keywords    = {overlapping community detection, network communities, matrix factorization},
location    = {Rome, Italy},
numpages    = {10},
pages       = {587â€“596},
publisher   = {Association for Computing Machinery},
series      = {WSDM '13},
title       = {Overlapping Community Detection at Scale: A Nonnegative Matrix Factorization Approach},
url         = {https://doi.org/10.1145/2433396.2433471},
year        = {2013},
}

@Unpublished{eko_weko,
author      = {Axel Bruns},
keywords    = {Australia, Twitter, echo chamber, filter bubble, network analysis, social media},
month       = {September},
title       = {Echo chamber? What echo chamber? Reviewing the evidence},
url         = {https://eprints.qut.edu.au/113937/},
year        = {2017},
}
