@Article{       analysis_of_wnets,
author          = {M. E. J. Newman},
doi             = {10.1103/physreve.70.056131},
journal         = {Physical Review E},
month           = {Nov.},
number          = {5},
publisher       = {American Physical Society ({APS})},
title           = {Analysis of weighted networks},
url             = {https://doi.org/10.1103%2Fphysreve.70.056131},
volume          = {70},
year            = {2004},
}

@Article{       antisocial, 
author          = {J. Cheng and C. Danescu-Niculescu-Mizil and J. Leskovec}, 
journal         = {Proceedings of the International AAAI Conference on Web and Social Media}, 
month           = {Aug.}, 
number          = {1}, 
pages           = {61-70},
title           = {Antisocial Behavior in Online Discussion Communities}, 
url             = {https://ojs.aaai.org/index.php/ICWSM/article/view/14583}, 
volume          = {9}, 
year            = {2021}, 
}

@Article{       captivating,
author          = {N. Seaver},
doi             = {10.1177/1359183518820366},
journal         = {Journal of Material Culture},
number          = {4},
pages           = {421-436},
title           = {Captivating algorithms: Recommender systems as traps},
url             = {https://doi.org/10.1177/1359183518820366},
volume          = {24},
year            = {2019},
}

@Article{       com_struct_indir,
author          = {M. E. J. Newman and E. A. Leicht},
doi             = {10.1103/physrevlett.100.118703},
journal         = {Physical Review Letters},
month           = {Mar.},
number          = {11},
publisher       = {American Physical Society ({APS})},
title           = {Community Structure in Directed Networks},
url             = {https://doi.org/10.1103%2Fphysrevlett.100.118703},
volume          = {100},
year            = {2008},
}

@Article{       com_struct_in_soc_and_bio,
author          = {M. Girvan and M. E. J. Newman},
journal         = {Proceedings of the National Academy of Sciences},
number          = {12},
pages           = {7821--7826},
publisher       = {National Acad Sciences},
title           = {Community structure in social and biological networks},
volume          = {99},
year            = {2002},
}

@Article{       conspiracies_online, 
author          = {M. Samory and T. Mitra}, 
journal         = {Proceedings of the International AAAI Conference on Web and Social Media}, 
month           = {Jun.},
number          = {1}, 
title           = {Conspiracies Online: User Discussions in a Conspiracy Community Following Dramatic Events}, 
url             = {https://ojs.aaai.org/index.php/ICWSM/article/view/15039}, 
volume          = {12}, 
year            = {2018}, 
}

@Article{       eko_and_episteme,
author          = {C. T. Nguyen},
doi             = {10.1017/epi.2018.32},
journal         = {Episteme},
number          = {2}, 
pages           = {141–161},
publisher       = {Cambridge University Press},
title           = {ECHO CHAMBERS AND EPISTEMIC BUBBLES},
volume          = {17}, 
year            = {2020},
}

@Article{       equivalence_between,
author          = {Newman, M. E. J.},
doi             = {10.1103/PhysRevE.94.052315},
issue           = {5},
journal         = {Physical Review E},
month           = {Nov.},
numpages        = {8},
publisher       = {American Physical Society},
title           = {Equivalence between modularity optimization and maximum likelihood methods for community detection},
url             = {https://link.aps.org/doi/10.1103/PhysRevE.94.052315},
volume          = {94},
year            = {2016},
}


@Article{       different_resolution_levels,
author          = {A. Arenas and A. Fernández and S. Gómez},
doi             = {10.1088/1367-2630/10/5/053039},
journal         = {New Journal of Physics},
month           = {May},
number          = {5},
title           = {Analysis of the structure of complex networks at different resolution levels},
url             = {https://dx.doi.org/10.1088/1367-2630/10/5/053039},
volume          = {10},
year            = {2008},
}

@Article{       fast_algorithm,
author          = {M. E. J. Newman},
doi             = {10.1103/physreve.69.066133},
journal         = {Physical Review E},
month           = {Jun.},
number          = {6},
publisher       = {American Physical Society ({APS})},
title           = {Fast algorithm for detecting community structure in networks},
url             = {https://doi.org/10.1103%2Fphysreve.69.066133},
volume          = {69},
year            = {2004},
}

@Article{       finding_and_evaling_comm_struct,
author          = {M. E. J. Newman and M. Girvan},
journal         = {Physical review. E, Statistical, nonlinear, and soft matter physics},
title           = {Finding and evaluating community structure in networks.},
volume          = {69 2 Pt 2},
year            = {2004},
}

@Article{       finding_comm_struct,
author          = {M. E. J. Newman and A. Clauset and C. Moore},
doi             = {10.1103/physreve.70.066111},
journal         = {Physical Review E},
month           = {Dec.},
number          = {6},
publisher       = {American Physical Society ({APS})},
title           = {Finding community structure in very large networks},
url             = {https://doi.org/10.1103%2Fphysreve.70.066111},
volume          = {70},
year            = {2004},
}

@Article{       inet_crises,
author          = {D. Krackhardt and R. N. Stern},
issn            = {01902725},
journal         = {Social Psychology Quarterly},
number          = {2},
pages           = {123--140},
publisher       = {[Sage Publications, Inc., American Sociological Association]},
title           = {Informal Networks and Organizational Crises: An Experimental Simulation},
url             = {http://www.jstor.org/stable/2786835},
urldate         = {2022-05-20},
volume          = {51},
year            = {1988},
}

@Article{       least_squares_PCM,
author          = {S. Lloyd},
doi             = {10.1109/TIT.1982.1056489},
journal         = {IEEE Transactions on Information Theory}, 
number          = {2},
pages           = {129-137},
title           = {Least squares quantization in PCM}, 
volume          = {28},
year            = {1982},
}


@Article{       louvain,
author          = {V. D. Blondel and J-L. Guillaume and R. Lambiotte and E. Lefebvre},
doi             = {10.1088/1742-5468/2008/10/p10008},
journal         = {Journal of Statistical Mechanics: Theory and Experiment},
month           = {Oct.},
publisher       = {{IOP} Publishing},
title           = {Fast unfolding of communities in large networks},
url             = {https://doi.org/10.1088%2F1742-5468%2F2008%2F10%2Fp10008},
year            = {2008},
}

@Article{       louvain_resolution,
author          = {R. Lambiotte and J-C. Delvenne and M. Barahona},
journal         = {arXiv},
month           = {12},
title           = {Laplacian Dynamics and Multiscale Modular Structure in Networks},
volume          = {1},
year            = {2008},
}

@Article{       louvain_2_leiden,
author          = {V. A. Traag and L. Waltman and N. J. van Eck},
doi             = {10.1038/s41598-019-41695-z},
journal         = {Scientific Reports},
month           = {Mar.},
number          = {1},
pages           = {5233},
title           = {From Louvain to Leiden: guaranteeing well-connected communities},
url             = {https://doi.org/10.1038/s41598-019-41695-z},
volume          = {9},
year            = {2019},
}

@Article{       resolution_limit,
author          = {S. Fortunato and M. Barth{\'{e}}lemy},
doi             = {10.1073/pnas.0605965104},
journal         = {Proceedings of the National Academy of Sciences},
month           = {Jan.},
number          = {1},
pages           = {36--41},
publisher       = {Proceedings of the National Academy of Sciences},
title           = {Resolution limit in community detection},
url             = {https://doi.org/10.1073%2Fpnas.0605965104},
volume          = {104},
year            = {2007},
}

@Article{       sm_ece,
author          = {M. Cinelli and G. D. F. Morales and A. Galeazzi and W. Quattrociocchi and M. Starnini},
doi             = {10.1073/pnas.2023301118},
eprint          = {https://www.pnas.org/doi/pdf/10.1073/pnas.2023301118},
journal         = {Proceedings of the National Academy of Sciences},
number          = {9},
title           = {The echo chamber effect on social media},
url             = {https://www.pnas.org/doi/abs/10.1073/pnas.2023301118},
volume          = {118},
year            = {2021},
}

@Article{       statistical_mechanics,
author          = {J. Reichardt and S. Bornholdt},
doi             = {10.1103/physreve.74.016110},
journal         = {Physical Review E},
month           = {Jul.},
number          = {1},
publisher       = {American Physical Society ({APS})},
title           = {Statistical mechanics of community detection},
url             = {https://doi.org/10.1103%2Fphysreve.74.016110},
volume          = {74},
year            = {2006},
}

@Article{       struc_funct_cnets,
author          = {M. E. J. Newman},
doi             = {10.1137/S003614450342480},
eprint          = {https://doi.org/10.1137/S003614450342480},
journal         = {SIAM Review},
number          = {2},
pages           = {167-256},
title           = {The Structure and Function of Complex Networks},
url             = {https://doi.org/10.1137/S003614450342480},
volume          = {45},
year            = {2003},
}

@Book{          ekoin_ekobtwin,
author          = {E. Guest},
publisher       = {University of Manchester},
title           = {Echoing Within and Between: Quantifying Echo Chamber Behaviours on Reddit},
url             = {https://books.google.com/books?id=OrhezgEACAAJ},
year            = {2021},
}

@Book{          networks,
author          = {M. E. J. Newman},
doi             = {10.1093/oso/9780198805090.001.0001},
isbn            = {9780198805090},
month           = {Jul.},
publisher       = {Oxford University Press},
title           = {"{Networks}"},
url             = {https://doi.org/10.1093/oso/9780198805090.001.0001},
year            = {2018},
}

@Book{          network_science,
author          = {A. L. Barab{\'a}si},
isbn            = {9781107076266},
lccn            = {2016439537},
publisher       = {Cambridge University Press},
title           = {Network Science},
url             = {http://networksciencebook.com/},
year            = {2016},
}

@InProceedings{ bigclam,
address         = {New York, NY, USA},
author          = {J. Yang and J. Leskovec},
booktitle       = {Proceedings of the Sixth ACM International Conference on Web Search and Data Mining},
doi             = {10.1145/2433396.2433471},
isbn            = {9781450318693},
keywords        = {Overlapping community detection, network communities, matrix factorization},
location        = {Rome, Italy},
numpages        = {10},
pages           = {587–596},
publisher       = {Association for Computing Machinery},
series          = {WSDM '13},
title           = {Overlapping Community Detection at Scale: A Nonnegative Matrix Factorization Approach},
url             = {https://doi.org/10.1145/2433396.2433471},
year            = {2013},
}

@InProceedings{ multiresolution,
author          = {J. M. Kumpula and J. Saramäki and K. Kaski and J. Kert{\'{e}}sz},
booktitle       = {Noise and Stochastics in Complex Systems and Finance},
doi             = {10.1117/12.725560},
editor          = {J{\'{a}}nos Kert{\'{e}}sz and Stefan Bornholdt and Rosario N. Mantegna},
month           = {Jun.},
publisher       = {{SPIE}},
title           = {Limited resolution and multiresolution methods in complex network community detection},
url             = {https://doi.org/10.1117%2F12.725560},
year            = {2007},
}

@InProceedings{ some_methods,
author          = {J. MacQueen},
title           = {Some methods for classification and analysis of multivariate observations},
year            = {1967},
}

@Unpublished{   eko_weko,
author          = {A. Bruns},
keywords        = {Australia, Twitter, echo chamber, filter bubble, network analysis, social media},
month           = {Sep.},
title           = {Echo chamber? What echo chamber? Reviewing the evidence},
url             = {https://eprints.qut.edu.au/113937/},
year            = {2017},
}

@TechReport{    directed_louvain,
author          = {N. Dugu{\'e} and A. Perez},
hal_id          = {hal-01231784},
hal_version     = {v1},
institution     = {{Universit{\'e} d'Orl{\'e}ans}},
keywords        = {Modularity ; Complex network ; directed graph ; community detection},
month           = {Nov.},
pdf             = {https://hal.archives-ouvertes.fr/hal-01231784/file/main.pdf},
title           = {{Directed Louvain : maximizing modularity in directed networks}},
url             = {https://hal.archives-ouvertes.fr/hal-01231784},
type            = {Research Report},
year            = {2015},
}